<record><leader>00000cas a22000007a 4500</leader><controlfield tag="001">11194003</controlfield><controlfield tag="008">840925d18871889ohudn ne      0    0eng d</controlfield><controlfield tag="009">3783</controlfield><datafield ind1=" " ind2=" " tag="010"><subfield code="a">sn 84028592 </subfield></datafield><datafield ind1=" " ind2=" " tag="040"><subfield code="a">NPY</subfield><subfield code="b">eng</subfield><subfield code="c">NPY</subfield><subfield code="d">ONP</subfield></datafield><datafield ind1="1" ind2=" " tag="029"><subfield code="a">AU@</subfield><subfield code="b">000025796616</subfield></datafield><datafield ind1=" " ind2=" " tag="042"><subfield code="a">msc</subfield></datafield><datafield ind1="0" ind2="0" tag="245"><subfield code="a">Wooster morning Republican.</subfield></datafield><datafield ind1="1" ind2="3" tag="246"><subfield code="a">Morning Republican</subfield></datafield><datafield ind1=" " ind2=" " tag="260"><subfield code="a">Wooster, Ohio :</subfield><subfield code="b">H.N. Clemens &amp; Co.,</subfield><subfield code="c">1887-1889.</subfield></datafield><datafield ind1=" " ind2=" " tag="300"><subfield code="a">v. :</subfield><subfield code="b">ill. ;</subfield><subfield code="c">50 cm.</subfield></datafield><datafield ind1=" " ind2=" " tag="310"><subfield code="a">Daily (except Sun.)</subfield></datafield><datafield ind1="0" ind2=" " tag="362"><subfield code="a">Vol. 1, no. 1 (Oct. 27, 1887)-v. 2, no. 186 (May 31, 1889).</subfield></datafield><datafield ind1=" " ind2=" " tag="500"><subfield code="a">Editor: H.N. Clemens.</subfield></datafield><datafield ind1=" " ind2=" " tag="580"><subfield code="a">Weekly ed.: Wooster Republican (Wooster, Ohio : 1853).</subfield></datafield><datafield ind1="1" ind2=" " tag="700"><subfield code="a">Clemens, H. N.</subfield></datafield><datafield ind1=" " ind2=" " tag="752"><subfield code="a">United States</subfield><subfield code="b">Ohio</subfield><subfield code="c">Wayne</subfield><subfield code="d">Wooster.</subfield></datafield><datafield ind1="1" ind2=" " tag="775"><subfield code="t">Wooster Republican (Wooster, Ohio : 1853)</subfield><subfield code="w">(DLC)sn 84028588</subfield></datafield><datafield ind1="0" ind2="0" tag="785"><subfield code="t">Wooster daily Republican</subfield><subfield code="w">(DLC)sn 84028595</subfield></datafield></record>